<record><leader>00000cas a2200000 a 4500</leader><controlfield tag="001">11974522</controlfield><controlfield tag="008">850427d18991905hiuwr ne      0    0haw d</controlfield><datafield ind1=" " ind2=" " tag="010"><subfield code="a">sn 85047079 </subfield></datafield><datafield ind1=" " ind2=" " tag="040"><subfield code="a">HUH</subfield><subfield code="b">eng</subfield><subfield code="c">HUH</subfield><subfield code="d">HWN</subfield><subfield code="d">OCL</subfield><subfield code="d">OCLCQ</subfield><subfield code="d">OCLCF</subfield><subfield code="d">OCLCO</subfield></datafield><datafield ind1=" " ind2=" " tag="042"><subfield code="a">msc</subfield></datafield><datafield ind1=" " ind2=" " tag="043"><subfield code="a">n-us-hi</subfield></datafield><datafield ind1="0" ind2=" " tag="130"><subfield code="a">Lahui Hawaii (Honolulu, Hawaii : 1899)</subfield></datafield><datafield ind1="1" ind2="0" tag="245"><subfield code="a">Lahui Hawaii.</subfield></datafield><datafield ind1=" " ind2=" " tag="260"><subfield code="a">Honolulu, Oahu :</subfield><subfield code="b">C.L. Hopkins,</subfield><subfield code="c">1899-</subfield></datafield><datafield ind1=" " ind2=" " tag="300"><subfield code="a">v.</subfield></datafield><datafield ind1=" " ind2=" " tag="310"><subfield code="a">Weekly</subfield></datafield><datafield ind1="0" ind2=" " tag="362"><subfield code="a">Buke 1, helu 1 (Ianuari 28, 1899)-</subfield></datafield><datafield ind1="1" ind2=" " tag="362"><subfield code="a">Ceased in 1905.</subfield><subfield code="z">Cf. Mookini, E.K. Hawaiian newspapers.</subfield></datafield><datafield ind1=" " ind2=" " tag="500"><subfield code="a">Editors: Jan.-June, 1899, C.L. Hopkins; July 1899- F. Metcalf; &lt;1901&gt;- D.H. Kahaulelio; &lt;1902&gt;- S. Kanio.</subfield></datafield><datafield ind1=" " ind2=" " tag="546"><subfield code="a">In Hawaiian.</subfield></datafield><datafield ind1=" " ind2="0" tag="651"><subfield code="a">Hawaii</subfield><subfield code="v">Newspapers.</subfield></datafield><datafield ind1=" " ind2="7" tag="655"><subfield code="a">Newspapers.</subfield><subfield code="2">fast</subfield><subfield code="0">(OCoLC)fst01423814</subfield></datafield><datafield ind1=" " ind2="7" tag="651"><subfield code="a">Hawaii.</subfield><subfield code="2">fast</subfield><subfield code="0">(OCoLC)fst01208724</subfield></datafield><datafield ind1="1" ind2=" " tag="700"><subfield code="a">Hopkins, C. L.</subfield><subfield code="q">(Charles L.)</subfield></datafield><datafield ind1="1" ind2=" " tag="700"><subfield code="a">Metcalf, Frank.</subfield></datafield><datafield ind1="1" ind2=" " tag="700"><subfield code="a">Kahaulelio, D. H.</subfield></datafield><datafield ind1="1" ind2=" " tag="700"><subfield code="a">Kanio, Samuel.</subfield></datafield><datafield ind1=" " ind2=" " tag="752"><subfield code="a">United States</subfield><subfield code="b">Hawaii</subfield><subfield code="c">Honolulu</subfield><subfield code="d">Honolulu.</subfield></datafield></record>